
@article{dunne_partial_1970,
	title = {Partial {Area} {Contributions} to {Storm} {Runoff} in a {Small} {New} {England} {Watershed}},
	volume = {6},
	issn = {19447973},
	doi = {10.1029/WR006i005p01296},
	number = {5},
	journal = {Water Resources Research},
	author = {Dunne, Thomas and Black, Richard D.},
	year = {1970},
	note = {ISBN: 0043-1397},
	pages = {1296--1311},
}

@article{sklash_role_1979,
	title = {The role of groundwater in storm runoff},
	issn = {0022-1694},
	doi = {10.1016/S0167-5648(09)70009-7},
	journal = {Developments in Water Science},
	author = {Sklash, Michael G. and Farvolden, Robert N. and Farvolden, Robert N.},
	year = {1979},
}

@article{troch_hillslope-storage_2003,
	title = {Hillslope-storage {Boussinesq} model for subsurface flow and variable source areas along complex hillslopes: 1. {Formulation} and characteristic response},
	volume = {39},
	issn = {0043-1397},
	doi = {10.1029/2002WR001728},
	number = {11},
	journal = {Water Resources Research},
	author = {Troch, Peter A. and Paniconi, Claudio and Van Loon, E. Emiel},
	year = {2003},
	keywords = {Boussinesq equation, Subsurface flow, Groundwater modeling, Hillslope drainage, Linearization, Model simplification},
}

@article{marcais_dynamic_2017,
	title = {Dynamic coupling of subsurface and seepage flows solved within a regularized partition formulation},
	volume = {109},
	doi = {10.1016/j.advwatres.2017.09.008},
	journal = {Advances in Water Resources},
	author = {Marçais, J. and de Dreuzy, J. R. and Erhel, J.},
	year = {2017},
	keywords = {Subsurface flow, Saturation excess, Boussinesq equations, ODE with discontinuous right-hand side, Regularization, Seepage},
	pages = {94--105},
}

@article{huang_modelling_2006,
	title = {Modelling the potential impacts of groundwater hydrology on long-term drainage basin evolution},
	issn = {0197-9337},
	doi = {10.1002/esp.1369},
	journal = {Earth Surface Processes and Landforms},
	author = {Huang, Xiangjiang and Niemann, Jeffrey D.},
	year = {2006},
	keywords = {Numerical modeling, Basin evolution, Groundwater hydrology, WE-38},
}

@article{hilberts_hillslope-storage_2004,
	title = {The hillslope-storage {Boussinesq} model for non-constant bedrock slope},
	volume = {291},
	issn = {0022-1694},
	doi = {10.1016/j.jhydrol.2003.12.043},
	number = {3-4},
	journal = {Journal of Hydrology},
	author = {Hilberts, A. G J and Van Loon, E. E. and Troch, P. A. and Paniconi, C.},
	year = {2004},
	keywords = {Boussinesq equation, Hillslope hydrology, Subsurface flow, Kinematic wave equation, Richards equation},
	pages = {160--173},
}

@article{jasechko_pronounced_2014,
	title = {The pronounced seasonality of global groundwater recharge},
	volume = {50},
	issn = {1944-7973},
	url = {https://agupubs.onlinelibrary.wiley.com/doi/abs/10.1002/2014WR015809},
	doi = {10.1002/2014WR015809},
	language = {en},
	number = {11},
	urldate = {2019-10-24},
	journal = {Water Resources Research},
	author = {Jasechko, Scott and Birks, S. Jean and Gleeson, Tom and Wada, Yoshihide and Fawcett, Peter J. and Sharp, Zachary D. and McDonnell, Jeffrey J. and Welker, Jeffrey M.},
	year = {2014},
	keywords = {groundwater, hydrology, deuterium, oxygen-18, recharge, stable isotope},
	pages = {8845--8867},
}

@article{beck_global_2013,
	title = {Global patterns in base flow index and recession based on streamflow observations from 3394 catchments},
	volume = {49},
	issn = {1944-7973},
	url = {https://agupubs.onlinelibrary.wiley.com/doi/abs/10.1002/2013WR013918},
	doi = {10.1002/2013WR013918},
	language = {en},
	number = {12},
	urldate = {2019-10-24},
	journal = {Water Resources Research},
	author = {Beck, Hylke E. and Dijk, Albert I. J. M. van and Miralles, Diego G. and Jeu, Richard A. M. de and Bruijnzeel, L. A. (Sampurno) and McVicar, Tim R. and Schellekens, Jaap},
	year = {2013},
	keywords = {base flow, ensemble, global, neural network, recession, ungauged},
	pages = {7843--7863},
}

@article{childs_drainage_1971,
	title = {Drainage of Groundwater Resting on a Sloping Bed},
	volume = {7},
	issn = {1944-7973},
	url = {https://agupubs.onlinelibrary.wiley.com/doi/abs/10.1029/WR007i005p01256},
	doi = {10.1029/WR007i005p01256},
	language = {en},
	number = {5},
	urldate = {2019-11-11},
	journal = {Water Resources Research},
	author = {Childs, E. C.},
	year = {1971},
	pages = {1256--1263},
}

@article{maxwell_connections_2016,
	title = {Connections between groundwater flow and transpiration partitioning},
	volume = {353},
	copyright = {Copyright © 2016, American Association for the Advancement of Science},
	issn = {0036-8075, 1095-9203},
	url = {https://science.sciencemag.org/content/353/6297/377},
	doi = {10.1126/science.aaf7891},
	language = {en},
	number = {6297},
	urldate = {2019-10-24},
	journal = {Science},
	author = {Maxwell, Reed M. and Condon, Laura E.},
	month = jul,
	year = {2016},
	pmid = {27463671},
	pages = {377--380},
}

@article{van_verseveld_role_2009,
	title = {The role of hillslope hydrology in controlling nutrient loss},
	volume = {367},
	issn = {0022-1694},
	url = {http://www.sciencedirect.com/science/article/pii/S0022169408005416},
	doi = {10.1016/j.jhydrol.2008.11.002},
	language = {en},
	number = {3},
	urldate = {2019-10-24},
	journal = {Journal of Hydrology},
	author = {van Verseveld, Willem J. and McDonnell, Jeffrey J. and Lajtha, Kate},
	month = apr,
	year = {2009},
	keywords = {Hillslope hydrology, Dissolved organic carbon, Dissolved organic nitrogen, Small watershed, Specific UV-absorbance},
	pages = {177--187},
}

@article{kirkland_algorithms_1992,
	title = {Algorithms for solving {Richards}' equation for variably saturated soils},
	volume = {28},
	copyright = {Copyright 1992 by the American Geophysical Union.},
	issn = {1944-7973},
	url = {https://agupubs.onlinelibrary.wiley.com/doi/abs/10.1029/92WR00802},
	doi = {10.1029/92WR00802},
	language = {en},
	number = {8},
	urldate = {2019-10-31},
	journal = {Water Resources Research},
	author = {Kirkland, M. R. and Hills, R. G. and Wierenga, P. J.},
	year = {1992},
	pages = {2049--2058},
}

@article{hobley_creative_2017,
	title = {Creative computing with {Landlab} : an open-source toolkit for building , coupling , and exploring two-dimensional numerical models of {Earth}-surface dynamics},
	doi = {10.5194/esurf-5-21-2017},
	author = {Hobley, Daniel E J and Adams, Jordan M and Nudurupati, Sai Siddhartha and Hutton, Eric W H and Gasparini, Nicole M and Istanbulluoglu, Erkan and Tucker, Gregory E},
	year = {2017},
	pages = {21--46},
}

@article{broda_low-dimensional_2012,
	title = {A low-dimensional hillslope-based catchment model for layered groundwater flow},
	volume = {26},
	issn = {1099-1085},
	url = {https://onlinelibrary.wiley.com/doi/abs/10.1002/hyp.8319},
	doi = {10.1002/hyp.8319},
	pages = {2814--2826},
	number = {18},
	journal = {Hydrological Processes},
	author = {Broda, S. and Larocque, M. and Paniconi, C. and Haitjema, H.},
	urldate = {2020-01-22},
	year = {2012},
	keywords = {analytic element modeling, Boussinesq equation, hillslope modelling, layered groundwater flow, leakage, model coupling},
}

@article{camporese_surface-subsurface_2010,
	title = {Surface-subsurface flow modeling with path-based runoff routing, boundary condition-based coupling, and assimilation of multisource observation data},
	volume = {46},
	issn = {1944-7973},
	url = {https://agupubs.onlinelibrary.wiley.com/doi/abs/10.1029/2008WR007536},
	doi = {10.1029/2008WR007536},
	number = {2},
	journal = {Water Resources Research},
	author = {Camporese, M. and Paniconi, C. and Putti, M. and Orlandini, S.},
	urldate = {2020-01-22},
	year = {2010},
	keywords = {boundary condition-based coupling, path-based routing, surface-groundwater interactions},
}

@article{qu_semidiscrete_2007,
	title = {A semidiscrete finite volume formulation for multiprocess watershed simulation},
	volume = {43},
	rights = {Copyright 2007 by the American Geophysical Union.},
	issn = {1944-7973},
	url = {https://agupubs.onlinelibrary.wiley.com/doi/abs/10.1029/2006WR005752},
	doi = {10.1029/2006WR005752},
	number = {8},
	journal = {Water Resources Research},
	author = {Qu, Yizhong and Duffy, Christopher J.},
	urldate = {2020-01-22},
	year = {2007},
	keywords = {prediction, simulation, watershed},
}

@article{kollet_integrated_2006,
	title = {Integrated surface–groundwater flow modeling: A free-surface overland flow boundary condition in a parallel groundwater flow model},
	volume = {29},
	issn = {0309-1708},
	url = {http://www.sciencedirect.com/science/article/pii/S0309170805002101},
	doi = {10.1016/j.advwatres.2005.08.006},
	pages = {945--958},
	number = {7},
	journal = {Advances in Water Resources},
	author = {Kollet, Stefan J. and Maxwell, Reed M.},
	urldate = {2020-01-22},
	year = {2006},
	keywords = {Hydrograph uncertainty, Integrated parallel modeling, Overland flow boundary condition, Subsurface heterogeneity, Surface-groundwater interactions},
}

@misc{langevin_modflow_2019,
	title = {{MODFLOW} 6 {Modular} {Hydrologic} {Model}},
	url = {https://doi.org/10.5066/F76Q1VQV},
	publisher = {U.S. Geological Survey},
	author = {Langevin, C. D. and Hughes, J. D. and Banta, E. R. and Provost, A. M. and Niswonger, R. G. and Panday, S.},
	year = {2019}
}

@misc{regan_gsflow_2018,
	title = {{GSFLOW}},
	url = {https://dx.doi.org/10.5066/F7WW7FS0},
	publisher = {U.S. Geological Survey},
	author = {Regan, R. S. and Niswonger, R. G. and Markstrom, S. L. and Maples, S. R. and Barlow, P. M.},
	year = {2018}
}
