@article{barnes2014priority,
  title={Priority-flood: An optimal depression-filling and watershed-labeling algorithm for digital elevation models},
  author={Barnes, Richard and Lehman, Clarence and Mulla, David},
  journal={Computers \& Geosciences},
  volume={62},
  pages={117--127},
  year={2014},
  publisher={Elsevier}
}


@article{barnes2016parallel,
  title={Parallel Priority-Flood depression filling for trillion cell digital elevation models on desktops or clusters},
  author={Barnes, Richard},
  journal={Computers \& Geosciences},
  volume={96},
  pages={56--68},
  year={2016},
  publisher={Elsevier}
}

@article{barnes2017parallel,
  title={Parallel non-divergent flow accumulation for trillion cell digital elevation models on desktops or clusters},
  author={Barnes, Richard},
  journal={Environmental Modelling \& Software},
  volume={92},
  pages={202--212},
  year={2017},
  publisher={Elsevier}
}

@article{barnhart2020landlab,
      title={Landlab v2. 0: a software package for Earth surface dynamics},
      author={Barnhart, Katherine R and Hutton, Eric WH and Tucker, Gregory E and Gasparini, Nicole M and Istanbulluoglu, Erkan and Hobley, Daniel EJ and Lyons, Nathan J and Mouchene, Margaux and Nudurupati, Sai Siddhartha and Adams, Jordan M and others},
      journal={Earth Surface Dynamics},
      volume={8},
      number={2},
      pages={379--397},
      year={2020},
      publisher={Copernicus GmbH}
    }

@article{barnhart2019terrainbento,
      title={Terrainbento 1.0: a Python package for multi-model analysis in long-term drainage basin evolution},
      author={Barnhart, Katherine R and Glade, Rachel C and Shobe, Charles M and Tucker, Gregory E},
      journal={Geoscientific Model Development},
      volume={12},
      number={4},
      pages={1267--1297},
      year={2019},
      publisher={Copernicus GmbH}
    }

@Article{Hobley2017Creative,
    AUTHOR = {Hobley, D. E. J. and Adams, J. M. and Nudurupati, S. S. and Hutton, E. W. H. and Gasparini, N. M. and Istanbulluoglu, E. and Tucker, G. E.},
    TITLE = {Creative computing with Landlab: an open-source toolkit for building, coupling, and exploring two-dimensional numerical models of Earth-surface dynamics},
    JOURNAL = {Earth Surface Dynamics},
    VOLUME = {5},
    YEAR = {2017},
    NUMBER = {1},
    PAGES = {21--46},
    URL = {https://www.earth-surf-dynam.net/5/21/2017/},
    DOI = {10.5194/esurf-5-21-2017}
    }


@article{shobe2017space,
      title={The SPACE 1.0 model: a Landlab component for 2-D calculation of sediment transport, bedrock erosion, and landscape evolution},
      author={Shobe, Charles M and Tucker, Gregory E and Barnhart, Katherine R},
      journal={Geoscientific Model Development},
      volume={10},
      number={12},
      pages={4577--4604},
      year={2017},
      publisher={Copernicus GmbH}
    }

@article{strauch2018hydroclimatological,
      title={A hydroclimatological approach to predicting regional landslide probability using Landlab},
      author={Strauch, Ronda and Istanbulluoglu, Erkan and Nudurupati, Sai Siddhartha and Bandaragoda, Christina and Gasparini, Nicole M and Tucker, Gregory E},
      journal={Earth Surface Dynamics},
      volume={6},
      number={1},
      pages={49--75},
      year={2018},
      publisher={Copernicus GmbH}
    }
